%YAML 1.1
%TAG !u! tag:unity3d.com,2011:
--- !u!1 &100000
GameObject:
  m_ObjectHideFlags: 1
  m_PrefabParentObject: {fileID: 0}
  m_PrefabInternal: {fileID: 100100000}
  serializedVersion: 5
  m_Component:
  - component: {fileID: 400000}
  m_Layer: 0
  m_Name: Bone006
  m_TagString: Untagged
  m_Icon: {fileID: 0}
  m_NavMeshLayer: 0
  m_StaticEditorFlags: 0
  m_IsActive: 1
--- !u!1 &100002
GameObject:
  m_ObjectHideFlags: 1
  m_PrefabParentObject: {fileID: 0}
  m_PrefabInternal: {fileID: 100100000}
  serializedVersion: 5
  m_Component:
  - component: {fileID: 400002}
  m_Layer: 0
  m_Name: Bone005
  m_TagString: Untagged
  m_Icon: {fileID: 0}
  m_NavMeshLayer: 0
  m_StaticEditorFlags: 0
  m_IsActive: 1
--- !u!1 &100004
GameObject:
  m_ObjectHideFlags: 1
  m_PrefabParentObject: {fileID: 0}
  m_PrefabInternal: {fileID: 100100000}
  serializedVersion: 5
  m_Component:
  - component: {fileID: 400004}
  m_Layer: 0
  m_Name: Bone004
  m_TagString: Untagged
  m_Icon: {fileID: 0}
  m_NavMeshLayer: 0
  m_StaticEditorFlags: 0
  m_IsActive: 1
--- !u!1 &100006
GameObject:
  m_ObjectHideFlags: 1
  m_PrefabParentObject: {fileID: 0}
  m_PrefabInternal: {fileID: 100100000}
  serializedVersion: 5
  m_Component:
  - component: {fileID: 400006}
  m_Layer: 0
  m_Name: Bone003
  m_TagString: Untagged
  m_Icon: {fileID: 0}
  m_NavMeshLayer: 0
  m_StaticEditorFlags: 0
  m_IsActive: 1
--- !u!1 &100008
GameObject:
  m_ObjectHideFlags: 1
  m_PrefabParentObject: {fileID: 0}
  m_PrefabInternal: {fileID: 100100000}
  serializedVersion: 5
  m_Component:
  - component: {fileID: 400008}
  m_Layer: 0
  m_Name: Bone002
  m_TagString: Untagged
  m_Icon: {fileID: 0}
  m_NavMeshLayer: 0
  m_StaticEditorFlags: 0
  m_IsActive: 1
--- !u!1 &100010
GameObject:
  m_ObjectHideFlags: 1
  m_PrefabParentObject: {fileID: 0}
  m_PrefabInternal: {fileID: 100100000}
  serializedVersion: 5
  m_Component:
  - component: {fileID: 400010}
  m_Layer: 0
  m_Name: Bone001
  m_TagString: Untagged
  m_Icon: {fileID: 0}
  m_NavMeshLayer: 0
  m_StaticEditorFlags: 0
  m_IsActive: 1
--- !u!1 &100012
GameObject:
  m_ObjectHideFlags: 0
  m_PrefabParentObject: {fileID: 0}
  m_PrefabInternal: {fileID: 100100000}
  serializedVersion: 5
  m_Component:
  - component: {fileID: 400012}
  - component: {fileID: 13700000}
  m_Layer: 0
  m_Name: tuna
  m_TagString: Untagged
  m_Icon: {fileID: 0}
  m_NavMeshLayer: 0
  m_StaticEditorFlags: 0
  m_IsActive: 1
--- !u!1 &100014
GameObject:
  m_ObjectHideFlags: 0
  m_PrefabParentObject: {fileID: 0}
  m_PrefabInternal: {fileID: 100100000}
  serializedVersion: 5
  m_Component:
  - component: {fileID: 400014}
  m_Layer: 0
  m_Name: Dummy001
  m_TagString: Untagged
  m_Icon: {fileID: 0}
  m_NavMeshLayer: 0
  m_StaticEditorFlags: 0
  m_IsActive: 1
--- !u!1 &100016
GameObject:
  m_ObjectHideFlags: 0
  m_PrefabParentObject: {fileID: 0}
  m_PrefabInternal: {fileID: 100100000}
  serializedVersion: 5
  m_Component:
  - component: {fileID: 400016}
  - component: {fileID: 11100000}
  m_Layer: 0
  m_Name: BlueTuna
  m_TagString: Untagged
  m_Icon: {fileID: 0}
  m_NavMeshLayer: 0
  m_StaticEditorFlags: 0
  m_IsActive: 1
--- !u!4 &400000
Transform:
  m_ObjectHideFlags: 1
  m_PrefabParentObject: {fileID: 0}
  m_PrefabInternal: {fileID: 100100000}
  m_GameObject: {fileID: 100000}
  m_LocalRotation: {x: -5.2205396e-10, y: -0.0000000024771603, z: -0.022710666, w: 0.9997421}
  m_LocalPosition: {x: -0.269232, y: 0, z: 0.000000038146972}
  m_LocalScale: {x: 1, y: 0.99999994, z: 1}
  m_Children: []
  m_Father: {fileID: 400002}
  m_RootOrder: 0
  m_LocalEulerAnglesHint: {x: 0, y: 0, z: 0}
--- !u!4 &400002
Transform:
  m_ObjectHideFlags: 1
  m_PrefabParentObject: {fileID: 0}
  m_PrefabInternal: {fileID: 100100000}
  m_GameObject: {fileID: 100002}
  m_LocalRotation: {x: -0.0023320667, y: -0.15097177, z: -0.033987552, w: 0.9879509}
  m_LocalPosition: {x: -0.48641914, y: 0.0000005149841, z: 0.000000019073486}
  m_LocalScale: {x: 0.9999998, y: 0.9999999, z: 1}
  m_Children:
  - {fileID: 400000}
  m_Father: {fileID: 400004}
  m_RootOrder: 0
  m_LocalEulerAnglesHint: {x: 0, y: 0, z: 0}
--- !u!4 &400004
Transform:
  m_ObjectHideFlags: 1
  m_PrefabParentObject: {fileID: 0}
  m_PrefabInternal: {fileID: 100100000}
  m_GameObject: {fileID: 100004}
  m_LocalRotation: {x: 0.00044707855, y: -0.042186264, z: 0.012389529, w: 0.99903286}
  m_LocalPosition: {x: -0.379283, y: 0.0000001001358, z: 0.000000019073486}
  m_LocalScale: {x: 1, y: 1, z: 1.0000001}
  m_Children:
  - {fileID: 400002}
  m_Father: {fileID: 400006}
  m_RootOrder: 0
  m_LocalEulerAnglesHint: {x: 0, y: 0, z: 0}
--- !u!4 &400006
Transform:
  m_ObjectHideFlags: 1
  m_PrefabParentObject: {fileID: 0}
  m_PrefabInternal: {fileID: 100100000}
  m_GameObject: {fileID: 100006}
  m_LocalRotation: {x: 0.00047569288, y: 0.024049677, z: -0.013315321, w: 0.999622}
  m_LocalPosition: {x: -0.70641035, y: -0.000000021457671, z: 0}
  m_LocalScale: {x: 0.9999997, y: 0.9999997, z: 1.0000001}
  m_Children:
  - {fileID: 400004}
  m_Father: {fileID: 400008}
  m_RootOrder: 0
  m_LocalEulerAnglesHint: {x: 0, y: 0, z: 0}
--- !u!4 &400008
Transform:
  m_ObjectHideFlags: 1
  m_PrefabParentObject: {fileID: 0}
  m_PrefabInternal: {fileID: 100100000}
  m_GameObject: {fileID: 100008}
  m_LocalRotation: {x: -0.00049966644, y: 0.023617992, z: 0.026465228, w: 0.9993706}
  m_LocalPosition: {x: -0.5618266, y: -0.00000029563904, z: -0.000000038146972}
  m_LocalScale: {x: 1.0000005, y: 1.0000006, z: 0.99999994}
  m_Children:
  - {fileID: 400006}
  m_Father: {fileID: 400010}
  m_RootOrder: 0
  m_LocalEulerAnglesHint: {x: 0, y: 0, z: 0}
--- !u!4 &400010
Transform:
  m_ObjectHideFlags: 1
  m_PrefabParentObject: {fileID: 0}
  m_PrefabInternal: {fileID: 100100000}
  m_GameObject: {fileID: 100010}
  m_LocalRotation: {x: -0.013575919, y: -0.00005278979, z: 0.99986845, w: -0.008880147}
  m_LocalPosition: {x: 0.7039731, y: -0.07600811, z: 0.000000076293944}
  m_LocalScale: {x: 0.99999994, y: 0.99999994, z: 1}
  m_Children:
  - {fileID: 400008}
  m_Father: {fileID: 400014}
  m_RootOrder: 0
  m_LocalEulerAnglesHint: {x: 0, y: 0, z: 0}
--- !u!4 &400012
Transform:
  m_ObjectHideFlags: 1
  m_PrefabParentObject: {fileID: 0}
  m_PrefabInternal: {fileID: 100100000}
  m_GameObject: {fileID: 100012}
  m_LocalRotation: {x: -0.7071068, y: 0, z: -0, w: 0.7071068}
  m_LocalPosition: {x: 0, y: 0, z: 0}
  m_LocalScale: {x: 262.3266, y: 253.35303, z: 253.35303}
  m_Children: []
  m_Father: {fileID: 400016}
  m_RootOrder: 1
  m_LocalEulerAnglesHint: {x: 0, y: 0, z: 0}
--- !u!4 &400014
Transform:
  m_ObjectHideFlags: 1
  m_PrefabParentObject: {fileID: 0}
  m_PrefabInternal: {fileID: 100100000}
  m_GameObject: {fileID: 100014}
  m_LocalRotation: {x: 9.992007e-16, y: 0.000000059604645, z: 0.000000014901161, w: 1}
  m_LocalPosition: {x: -1.5121417, y: 0.014386957, z: -0.30754334}
  m_LocalScale: {x: 1, y: 1, z: 1}
  m_Children:
  - {fileID: 400010}
  m_Father: {fileID: 400016}
  m_RootOrder: 0
  m_LocalEulerAnglesHint: {x: 0, y: 0, z: 0}
--- !u!4 &400016
Transform:
  m_ObjectHideFlags: 1
  m_PrefabParentObject: {fileID: 0}
  m_PrefabInternal: {fileID: 100100000}
  m_GameObject: {fileID: 100016}
  m_LocalRotation: {x: 0, y: 0, z: 0, w: 1}
  m_LocalPosition: {x: 56.93608, y: 21.844484, z: -107.63321}
  m_LocalScale: {x: 2.5835032, y: 2.5835032, z: 2.5835032}
  m_Children:
  - {fileID: 400014}
  - {fileID: 400012}
  m_Father: {fileID: 0}
  m_RootOrder: 0
  m_LocalEulerAnglesHint: {x: 0, y: 0, z: 0}
--- !u!111 &11100000
Animation:
  m_ObjectHideFlags: 1
  m_PrefabParentObject: {fileID: 0}
  m_PrefabInternal: {fileID: 100100000}
  m_GameObject: {fileID: 100016}
  m_Enabled: 1
  serializedVersion: 3
  m_Animation: {fileID: 7400000, guid: 94468f1a0c2b7ca4e9f74619927ea86a, type: 3}
  m_Animations:
  - {fileID: 7400000, guid: 94468f1a0c2b7ca4e9f74619927ea86a, type: 3}
  m_WrapMode: 0
  m_PlayAutomatically: 1
  m_AnimatePhysics: 0
  m_CullingType: 1
--- !u!137 &13700000
SkinnedMeshRenderer:
  m_ObjectHideFlags: 1
  m_PrefabParentObject: {fileID: 0}
  m_PrefabInternal: {fileID: 100100000}
  m_GameObject: {fileID: 100012}
  m_Enabled: 1
  m_CastShadows: 1
  m_ReceiveShadows: 1
  m_MotionVectors: 1
  m_LightProbeUsage: 0
  m_ReflectionProbeUsage: 1
  m_Materials:
  - {fileID: 2100000, guid: 1b8a282b54c1d134b953beeb24fae7d7, type: 2}
  - {fileID: 2100000, guid: 1af724d808354ff4f9cb9ffa247d5d07, type: 2}
  - {fileID: 2100000, guid: ad70dcdbaacf27244a58332a5ced065e, type: 2}
  m_StaticBatchInfo:
    firstSubMesh: 0
    subMeshCount: 0
  m_StaticBatchRoot: {fileID: 0}
  m_ProbeAnchor: {fileID: 0}
  m_LightProbeVolumeOverride: {fileID: 0}
  m_ScaleInLightmap: 1
  m_PreserveUVs: 0
  m_IgnoreNormalsForChartDetection: 0
  m_ImportantGI: 0
  m_SelectedEditorRenderState: 3
  m_MinimumChartSize: 4
  m_AutoUVMaxDistance: 0.5
  m_AutoUVMaxAngle: 89
  m_LightmapParameters: {fileID: 0}
  m_SortingLayerID: 0
  m_SortingLayer: 0
  m_SortingOrder: 0
  serializedVersion: 2
  m_Quality: 0
  m_UpdateWhenOffscreen: 0
  m_SkinnedMotionVectors: 1
  m_Mesh: {fileID: 4300000, guid: 94468f1a0c2b7ca4e9f74619927ea86a, type: 3}
  m_Bones:
  - {fileID: 400010}
  - {fileID: 400008}
  - {fileID: 400006}
  - {fileID: 400004}
  - {fileID: 400002}
  - {fileID: 400000}
  m_BlendShapeWeights: []
  m_RootBone: {fileID: 400010}
  m_AABB:
    m_Center: {x: -1.1956359, y: -0.07465708, z: -0.04661131}
    m_Extent: {x: 1.6698371, y: 0.7179471, z: 0.5795221}
  m_DirtyAABB: 0
--- !u!1001 &100100000
Prefab:
  m_ObjectHideFlags: 1
  serializedVersion: 2
  m_Modification:
    m_TransformParent: {fileID: 0}
    m_Modifications: []
    m_RemovedComponents: []
  m_ParentPrefab: {fileID: 0}
  m_RootGameObject: {fileID: 100016}
  m_IsPrefabParent: 1
